%  Bibliographie
@book{lippmann1922public,
  title={Public opinion. NY},
  author={Lippmann, Walter},
  year={1922},
  publisher={Y.: The Free Press}
}